@article{clauset2004finding,
  title={Finding community structure in very large networks},
  author={Clauset, Aaron and Newman, Mark EJ and Moore, Cristopher},
  journal={Physical review E},
  volume={70},
  number={6},
  pages={066111},
  year={2004},
  publisher={APS}
}

@article{blondel2008fast,
  title={Fast unfolding of communities in large networks},
  author={Blondel, Vincent D and Guillaume, Jean-Loup and Lambiotte, Renaud and Lefebvre, Etienne},
  journal={Journal of statistical mechanics: theory and experiment},
  volume={2008},
  number={10},
  pages={P10008},
  year={2008},
  publisher={IOP Publishing}
}

@inproceedings{pena2004ga,
  title={GA-EDA: Hybrid evolutionary algorithm using genetic and estimation of distribution algorithms},
  author={Pe{\~n}a, Jos{\'e} M and Robles, Victor and Larranaga, Pedro and Herves, Vanessa and Rosales, Francisco and P{\'e}rez, Mar{\'\i}a S},
  booktitle={International Conference on Industrial, Engineering and Other Applications of Applied Intelligent Systems},
  pages={361--371},
  year={2004},
  organization={Springer}
}

@article{liu2020iterated,
  title={An iterated local search algorithm for community detection in complex networks},
  author={Liu, Chao and Kang, Qinma and Kong, Hanzhang and Li, Wenquan and Kang, Yunfan},
  journal={International Journal of Modern Physics B},
  volume={34},
  number={04},
  pages={2050013},
  year={2020},
  publisher={World Scientific}
}

[1] https://socialmediaexplorer.com/content-sections/news-and-noise/why-is-social-media-so-popular/

[2] https://onlinelibrary.wiley.com/doi/pdf/10.1002/widm.1178?casa\_token=1-rqKBQvlOcAAAAA\%3AfASizITD0duXBYqDbtLgUItorFlPiRoZF5wU5AMeoRV8UBr7vA5HQ3LlMmzMAsYG5aTeJlm9Rnoa\_w